<?xml version="1.0" encoding="UTF-8" standalone="no"?><env:Message xmlns:env="urn:montran:message.01">
    <env:AppHdr xmlns="urn:iso:std:iso:20022:tech:xsd:head.001.001.01">
        <Fr>
            <FIId>
                <FinInstnId>
                    <BICFI>INTAROB0</BICFI> <!--BIC Sender-->
                </FinInstnId>
            </FIId>
        </Fr>
        <To>
            <FIId>
                <FinInstnId>
                    <BICFI>ZYAKIIDJ</BICFI>
                </FinInstnId>
            </FIId>
        </To>
        <BizMsgIdr>MREF735g148fad0</BizMsgIdr> <!--ID MESAJ-->
        <MsgDefIdr>pacs.008.001.07</MsgDefIdr>
        <BizSvc>RTP</BizSvc>
        <CreDt>2022-08-11T15:57:26Z</CreDt> <!--Datetime curent-->
    </env:AppHdr>
    <env:FIToFICstmrCdtTrf xmlns="urn:iso:std:iso:20022:tech:xsd:pacs.008.001.07">
        <GrpHdr xmlns:grphdr="urn:iso:std:iso:20022:tech:xsd:pacs.008.001.07">
            <grphdr:MsgId>MREF735g148fad0</grphdr:MsgId> <!--ID Mesaj Plata-->
            <grphdr:CreDtTm>2022-08-11T15:57:26+03:00</grphdr:CreDtTm> <!--Datetime curent-->
            <grphdr:NbOfTxs>1</grphdr:NbOfTxs>
            <grphdr:TtlIntrBkSttlmAmt Ccy="IDR">100.0</grphdr:TtlIntrBkSttlmAmt> <!--Amount-->
            <grphdr:IntrBkSttlmDt>2022-08-11</grphdr:IntrBkSttlmDt> <!-- DAta curenta -->
            <grphdr:SttlmInf>
                <grphdr:SttlmMtd>CLRG</grphdr:SttlmMtd>
                <grphdr:ClrSys>
                    <grphdr:Prtry>SENT</grphdr:Prtry>
                </grphdr:ClrSys>
            </grphdr:SttlmInf>
            <grphdr:PmtTpInf>
                <grphdr:SvcLvl>
                    <grphdr:Prtry>SENT</grphdr:Prtry>
                </grphdr:SvcLvl>
                <grphdr:LclInstrm>
                    <grphdr:Cd>INST</grphdr:Cd>
                </grphdr:LclInstrm>
            </grphdr:PmtTpInf>
            <grphdr:InstgAgt>
                <grphdr:FinInstnId>
                    <grphdr:BICFI>INTAROB0</grphdr:BICFI> <!--Bic sender-->
                </grphdr:FinInstnId>
            </grphdr:InstgAgt>
        </GrpHdr>
        <CdtTrfTxInf xmlns:crdt="urn:iso:std:iso:20022:tech:xsd:pacs.008.001.07">
            <crdt:PmtId>
                <crdt:InstrId>PREF735g148fad0</crdt:InstrId>    <!-- ID plata-->
                <crdt:EndToEndId>PREF735g148fad0</crdt:EndToEndId> <!-- ID-->
                <crdt:TxId>PREF735g148fad0</crdt:TxId> <!--ID-->
            </crdt:PmtId>
            <crdt:IntrBkSttlmAmt Ccy="IDR">100.0</crdt:IntrBkSttlmAmt> <!-- Amount-->
            <crdt:AccptncDtTm>2022-08-11T15:57:26+03:00</crdt:AccptncDtTm> <!--Datetime curent-->
            <crdt:ChrgBr>SLEV</crdt:ChrgBr>
            <crdt:Dbtr>
                <crdt:Nm>Steau</crdt:Nm> <!-- Nume sender -->
                <crdt:Id>
                    <crdt:OrgId>
                        <crdt:AnyBIC>INTAROB0</crdt:AnyBIC> <!--BIC sender-->
                    </crdt:OrgId>
                </crdt:Id>
            </crdt:Dbtr>
            <crdt:DbtrAcct>
                <crdt:Id>
                    <crdt:IBAN>RO04812719847122steau</crdt:IBAN> <!-- IBAN Sender-->
                </crdt:Id>
            </crdt:DbtrAcct>
            <crdt:DbtrAgt>
                <crdt:FinInstnId>
                    <crdt:BICFI>INTAROB0</crdt:BICFI> <!--BIC Sender-->
                </crdt:FinInstnId>
            </crdt:DbtrAgt>
            <crdt:CdtrAgt>
                <crdt:FinInstnId>
                    <crdt:BICFI>NOSCTTPS</crdt:BICFI> <!-- BIC receiver-->
                </crdt:FinInstnId>
            </crdt:CdtrAgt>
            <crdt:Cdtr>
                <crdt:Nm>Montran</crdt:Nm> <!-- Nume receiver-->
                <crdt:Id>
                    <crdt:OrgId>
                        <crdt:AnyBIC>NOSCTTPS</crdt:AnyBIC> <!-- BIC receiver -->
                    </crdt:OrgId>
                </crdt:Id>
            </crdt:Cdtr>
            <crdt:CdtrAcct>
                <crdt:Id>
                    <crdt:IBAN>EU04712719847124steau</crdt:IBAN> <!-- IBAN receiver-->
                </crdt:Id>
            </crdt:CdtrAcct>
            <crdt:RmtInf>
            </crdt:RmtInf>
        </CdtTrfTxInf>
    </env:FIToFICstmrCdtTrf>
</env:Message>